@article{bastiaanssenRemoteSensingIrrigated2000,
  title      = {Remote Sensing for Irrigated Agriculture: Examples from Research and Possible Applications},
  shorttitle = {Remote Sensing for Irrigated Agriculture},
  author     = {Bastiaanssen, Wim G. M and Molden, David J and Makin, Ian W},
  year       = {2000},
  month      = dec,
  journal    = {Agricultural Water Management},
  volume     = {46},
  number     = {2},
  pages      = {137--155},
  issn       = {0378-3774},
  doi        = {10.1016/S0378-3774(00)00080-9}
}

@article{begueRemoteSensingCropping2018,
  title      = {Remote {{Sensing}} and {{Cropping Practices}}: {{A Review}}},
  shorttitle = {Remote {{Sensing}} and {{Cropping Practices}}},
  author     = {B{\'e}gu{\'e}, Agn{\`e}s and Arvor, Damien and Bellon, Beatriz and Betbeder, Julie and De Abelleyra, Diego and P. D. Ferraz, Rodrigo and Lebourgeois, Valentine and Lelong, Camille and Sim{\~o}es, Margareth and R. Ver{\'o}n, Santiago},
  year       = {2018},
  month      = jan,
  journal    = {Remote Sensing},
  volume     = {10},
  number     = {1},
  pages      = {99},
  publisher  = {Multidisciplinary Digital Publishing Institute},
  issn       = {2072-4292},
  doi        = {10.3390/rs10010099},
  copyright  = {http://creativecommons.org/licenses/by/3.0/},
  langid     = {english}
}

@article{briscoPrecisionAgricultureRole1998,
  title      = {Precision {{Agriculture}} and the {{Role}} of {{Remote Sensing}}: {{A Review}}},
  shorttitle = {Precision {{Agriculture}} and the {{Role}} of {{Remote Sensing}}},
  author     = {Brisco, B. and Brown, R. J. and Hirose, T. and McNairn, H. and Staenz, K.},
  year       = {1998},
  month      = sep,
  journal    = {Canadian Journal of Remote Sensing},
  publisher  = {Taylor \& Francis},
  issn       = {0703-8992},
  copyright  = {Copyright 1998 Canadian Journal of Remote Sensing/Journal canadien de t{\'e}l{\'e}d{\'e}tection},
  langid     = {english}
}

@article{geRemoteSensingSoil2011,
  title      = {Remote Sensing of Soil Properties in Precision Agriculture: {{A}} Review},
  shorttitle = {Remote Sensing of Soil Properties in Precision Agriculture},
  author     = {Ge, Yufeng and Thomasson, J. Alex and Sui, Ruixiu},
  year       = {2011},
  month      = sep,
  journal    = {Frontiers of Earth Science},
  volume     = {5},
  number     = {3},
  pages      = {229--238},
  issn       = {1673-7490},
  doi        = {10.1007/s11707-011-0175-0},
  langid     = {english}
}

@article{huangAgriculturalRemoteSensing2018,
  title      = {Agricultural Remote Sensing Big Data: {{Management}} and Applications},
  shorttitle = {Agricultural Remote Sensing Big Data},
  author     = {Huang, Yanbo and Chen, Zhong-xin and Yu, Tao and Huang, Xiang-zhi and Gu, Xing-fa},
  year       = {2018},
  month      = sep,
  journal    = {Journal of Integrative Agriculture},
  volume     = {17},
  number     = {9},
  pages      = {1915--1931},
  issn       = {20953119},
  doi        = {10.1016/S2095-3119(17)61859-8},
  langid     = {english}
}

@article{javedPerformanceRelationshipFour2021,
  title   = {Performance and Relationship of Four Different Agricultural Drought Indices for Drought Monitoring in {{China}}'s Mainland Using Remote Sensing Data},
  author  = {Javed, Tehseen and Li, Yi and Rashid, Sadaf and Li, Feng and Hu, Qiaoyu and Feng, Hao and Chen, Xinguo and Ahmad, Shakeel and Liu, Fenggui and Pulatov, Bakhtiyor},
  year    = {2021},
  month   = mar,
  journal = {Science of The Total Environment},
  volume  = {759},
  pages   = {143530},
  issn    = {0048-9697},
  doi     = {10.1016/j.scitotenv.2020.143530}
}

@article{karthikeyanReviewRemoteSensing2020,
  title      = {A Review of Remote Sensing Applications in Agriculture for Food Security: {{Crop}} Growth and Yield, Irrigation, and Crop Losses},
  shorttitle = {A Review of Remote Sensing Applications in Agriculture for Food Security},
  author     = {Karthikeyan, L. and Chawla, Ila and Mishra, Ashok K.},
  year       = {2020},
  month      = jul,
  journal    = {Journal of Hydrology},
  volume     = {586},
  pages      = {124905},
  issn       = {0022-1694},
  doi        = {10.1016/j.jhydrol.2020.124905}
}

@article{kasampalisContributionRemoteSensing2018,
  title      = {Contribution of {{Remote Sensing}} on {{Crop Models}}: {{A Review}}},
  shorttitle = {Contribution of {{Remote Sensing}} on {{Crop Models}}},
  author     = {Kasampalis, Dimitrios A. and Alexandridis, Thomas K. and Deva, Chetan and Challinor, Andrew and Moshou, Dimitrios and Zalidis, Georgios},
  year       = {2018},
  month      = apr,
  journal    = {Journal of Imaging},
  volume     = {4},
  number     = {4},
  pages      = {52},
  publisher  = {Multidisciplinary Digital Publishing Institute},
  issn       = {2313-433X},
  doi        = {10.3390/jimaging4040052},
  copyright  = {http://creativecommons.org/licenses/by/3.0/},
  langid     = {english}
}

@article{khanalOverviewCurrentPotential2017,
  title   = {An Overview of Current and Potential Applications of Thermal Remote Sensing in Precision Agriculture},
  author  = {Khanal, Sami and Fulton, John and Shearer, Scott},
  year    = {2017},
  month   = jun,
  journal = {Computers and Electronics in Agriculture},
  volume  = {139},
  pages   = {22--32},
  issn    = {0168-1699},
  doi     = {10.1016/j.compag.2017.05.001}
}

@article{khanalRemoteSensingAgriculture2020,
  title     = {Remote {{Sensing}} in {{Agriculture}}---{{Accomplishments}}, {{Limitations}}, and {{Opportunities}}},
  author    = {Khanal, Sami and Kc, Kushal and Fulton, John P. and Shearer, Scott and Ozkan, Erdal},
  year      = {2020},
  month     = jan,
  journal   = {Remote Sensing},
  volume    = {12},
  number    = {22},
  pages     = {3783},
  publisher = {Multidisciplinary Digital Publishing Institute},
  issn      = {2072-4292},
  doi       = {10.3390/rs12223783},
  copyright = {http://creativecommons.org/licenses/by/3.0/},
  langid    = {english}
}

@article{maesPerspectivesRemoteSensing2019,
  title     = {Perspectives for {{Remote Sensing}} with {{Unmanned Aerial Vehicles}} in {{Precision Agriculture}}},
  author    = {Maes, Wouter H. and Steppe, Kathy},
  year      = {2019},
  month     = feb,
  journal   = {Trends in Plant Science},
  volume    = {24},
  number    = {2},
  pages     = {152--164},
  publisher = {Elsevier},
  issn      = {1360-1385},
  doi       = {10.1016/j.tplants.2018.11.007},
  langid    = {english},
  pmid      = {30558964}
}

@article{mandalImpactAgriculturalManagement2022,
  title      = {Impact of Agricultural Management Practices on Soil Carbon Sequestration and Its Monitoring through Simulation Models and Remote Sensing Techniques: {{A}} Review},
  shorttitle = {Impact of Agricultural Management Practices on Soil Carbon Sequestration and Its Monitoring through Simulation Models and Remote Sensing Techniques},
  author     = {Mandal, Agniva and Majumder, Atin and Dhaliwal, S. S. and Toor, A. S. and Mani, Pabitra Kumar and Naresh, R. K. and Gupta, Raj K. and Mitran, Tarik},
  year       = {2022},
  month      = jan,
  journal    = {Critical Reviews in Environmental Science and Technology},
  publisher  = {Taylor \& Francis},
  issn       = {1064-3389},
  copyright  = {{\copyright} 2020 Taylor \& Francis Group, LLC},
  langid     = {english}
}

@article{martosEnsuringAgriculturalSustainability2021,
  title     = {Ensuring {{Agricultural Sustainability}} through {{Remote Sensing}} in the {{Era}} of {{Agriculture}} 5.0},
  author    = {Martos, Vanesa and Ahmad, Ali and Cartujo, Pedro and Ordo{\~n}ez, Javier},
  year      = {2021},
  month     = jan,
  journal   = {Applied Sciences},
  volume    = {11},
  number    = {13},
  pages     = {5911},
  publisher = {Multidisciplinary Digital Publishing Institute},
  issn      = {2076-3417},
  doi       = {10.3390/app11135911},
  copyright = {http://creativecommons.org/licenses/by/3.0/},
  langid    = {english}
}

@article{mullaTwentyFiveYears2013,
  title      = {Twenty Five Years of Remote Sensing in Precision Agriculture: {{Key}} Advances and Remaining Knowledge Gaps},
  shorttitle = {Twenty Five Years of Remote Sensing in Precision Agriculture},
  author     = {Mulla, David J.},
  year       = {2013},
  month      = apr,
  journal    = {Biosystems Engineering},
  series     = {Special {{Issue}}: {{Sensing Technologies}} for {{Sustainable Agriculture}}},
  volume     = {114},
  number     = {4},
  pages      = {358--371},
  issn       = {1537-5110},
  doi        = {10.1016/j.biosystemseng.2012.08.009}
}

@article{navalgundRemoteSensingApplications2007,
  title      = {Remote Sensing Applications: {{An}} Overview},
  shorttitle = {Remote Sensing Applications},
  author     = {Navalgund, Ranganath R. and Jayaraman, V. and Roy, P. S.},
  year       = {2007},
  journal    = {Current Science},
  volume     = {93},
  number     = {12},
  eprint     = {24102069},
  eprinttype = {jstor},
  pages      = {1747--1766},
  publisher  = {Current Science Association},
  issn       = {0011-3891}
}

@article{ozdoganRemoteSensingIrrigated2010,
  title      = {Remote {{Sensing}} of {{Irrigated Agriculture}}: {{Opportunities}} and {{Challenges}}},
  shorttitle = {Remote {{Sensing}} of {{Irrigated Agriculture}}},
  author     = {Ozdogan, Mutlu and Yang, Yang and Allez, George and Cervantes, Chelsea},
  year       = {2010},
  month      = sep,
  journal    = {Remote Sensing},
  volume     = {2},
  number     = {9},
  pages      = {2274--2304},
  publisher  = {Molecular Diversity Preservation International},
  issn       = {2072-4292},
  doi        = {10.3390/rs2092274},
  copyright  = {http://creativecommons.org/licenses/by/3.0/},
  langid     = {english}
}

@article{radocajRoleRemoteSensing2022,
  title     = {The {{Role}} of {{Remote Sensing Data}} and {{Methods}} in a {{Modern Approach}} to {{Fertilization}} in {{Precision Agriculture}}},
  author    = {Rado{\v c}aj, Dorijan and Juri{\v s}i{\'c}, Mladen and Ga{\v s}parovi{\'c}, Mateo},
  year      = {2022},
  month     = jan,
  journal   = {Remote Sensing},
  volume    = {14},
  number    = {3},
  pages     = {778},
  publisher = {Multidisciplinary Digital Publishing Institute},
  issn      = {2072-4292},
  doi       = {10.3390/rs14030778},
  copyright = {http://creativecommons.org/licenses/by/3.0/},
  langid    = {english}
}

@article{sahooHyperspectralRemoteSensing2015,
  title      = {Hyperspectral Remote Sensing of Agriculture},
  author     = {Sahoo, R. N. and Ray, S. S. and Manjunath, K. R.},
  year       = {2015},
  journal    = {Current Science},
  volume     = {108},
  number     = {5},
  eprint     = {24216514},
  eprinttype = {jstor},
  pages      = {848--859},
  publisher  = {Current Science Association},
  issn       = {0011-3891}
}

@article{seelanRemoteSensingApplications2003,
  title      = {Remote Sensing Applications for Precision Agriculture: {{A}} Learning Community Approach},
  shorttitle = {Remote Sensing Applications for Precision Agriculture},
  author     = {Seelan, Santhosh K and Laguette, Soizik and Casady, Grant M and Seielstad, George A},
  year       = {2003},
  month      = nov,
  journal    = {Remote Sensing of Environment},
  series     = {{{IKONOS Fine Spatial Resolution Land Observation}}},
  volume     = {88},
  number     = {1},
  pages      = {157--169},
  issn       = {0034-4257},
  doi        = {10.1016/j.rse.2003.04.007}
}

@article{sishodiaApplicationsRemoteSensing2020,
  title      = {Applications of {{Remote Sensing}} in {{Precision Agriculture}}: {{A Review}}},
  shorttitle = {Applications of {{Remote Sensing}} in {{Precision Agriculture}}},
  author     = {Sishodia, Rajendra P. and Ray, Ram L. and Singh, Sudhir K.},
  year       = {2020},
  month      = jan,
  journal    = {Remote Sensing},
  volume     = {12},
  number     = {19},
  pages      = {3136},
  publisher  = {Multidisciplinary Digital Publishing Institute},
  issn       = {2072-4292},
  doi        = {10.3390/rs12193136},
  copyright  = {http://creativecommons.org/licenses/by/3.0/},
  langid     = {english}
}

@article{ulloAdvancesIoTSmart2021,
  title     = {Advances in {{IoT}} and {{Smart Sensors}} for {{Remote Sensing}} and {{Agriculture Applications}}},
  author    = {Ullo, Silvia Liberata and Sinha, G. R.},
  year      = {2021},
  month     = jan,
  journal   = {Remote Sensing},
  volume    = {13},
  number    = {13},
  pages     = {2585},
  publisher = {Multidisciplinary Digital Publishing Institute},
  issn      = {2072-4292},
  doi       = {10.3390/rs13132585},
  copyright = {http://creativecommons.org/licenses/by/3.0/},
  langid    = {english}
}

@article{weissRemoteSensingAgricultural2020,
  title      = {Remote Sensing for Agricultural Applications: {{A}} Meta-Review},
  shorttitle = {Remote Sensing for Agricultural Applications},
  author     = {Weiss, M. and Jacob, F. and Duveiller, G.},
  year       = {2020},
  month      = jan,
  journal    = {Remote Sensing of Environment},
  volume     = {236},
  pages      = {111402},
  issn       = {0034-4257},
  doi        = {10.1016/j.rse.2019.111402}
}

@misc{SPOTsate81:online,
author = {},
title = {SPOT (satellite) - Wikipedia},
howpublished = {\url{https://en.wikipedia.org/wiki/SPOT_(satellite)}},
month = {},
year = {},
note = {(Accessed on 07/01/2024)}
}

@misc{Advanced84:online,
author = {},
title = {Advanced Land Observation Satellite - Wikipedia},
howpublished = {\url{https://en.wikipedia.org/wiki/Advanced_Land_Observation_Satellite}},
month = {},
year = {},
note = {(Accessed on 07/01/2024)}
}

@misc{Sentinel88:online,
author = {},
title = {Sentinel-2 - Wikipedia},
howpublished = {\url{https://en.wikipedia.org/wiki/Sentinel-2}},
month = {},
year = {},
note = {(Accessed on 07/01/2024)}
}

@article{li2020review,
  title={A review of remote sensing for environmental monitoring in China},
  author={Li, Jun and Pei, Yanqiu and Zhao, Shaohua and Xiao, Rulin and Sang, Xiao and Zhang, Chengye},
  journal={Remote Sensing},
  volume={12},
  number={7},
  pages={1130},
  year={2020},
  publisher={MDPI}
}

@article{wellmann2020remote,
  title={Remote sensing in urban planning: Contributions towards ecologically sound policies?},
  author={Wellmann, Thilo and Lausch, Angela and Andersson, Erik and Knapp, Sonja and Cortinovis, Chiara and Jache, Jessica and Scheuer, Sebastian and Kremer, Peleg and Mascarenhas, Andr{\'e} and Kraemer, Roland and others},
  journal={Landscape and urban planning},
  volume={204},
  pages={103921},
  year={2020},
  publisher={Elsevier}
}

@article{kumar2015applications,
  title={Applications of remote sensing and GIS in natural resource management},
  author={Kumar, Navneet and Yama{\c{c}}, SS and Velmurugan, A},
  journal={Journal of the Andaman Science Association},
  volume={20},
  number={1},
  pages={1--6},
  year={2015}
}

@incollection{gupta2022smart,
  title={Smart remote sensing network for early warning of disaster risks},
  author={Gupta, Manali and Almomani, Omar and Khasawneh, Ahmad M and Darabkh, Khalid A and others},
  booktitle={Nanotechnology-Based Smart Remote Sensing Networks for Disaster Prevention},
  pages={303--324},
  year={2022},
  publisher={Elsevier}
}

@misc{Syntheti6:online,
author = {},
title = {Synthetic-aperture radar - Wikipedia},
howpublished = {\url{https://en.wikipedia.org/wiki/Synthetic-aperture_radar}},
month = {},
year = {},
note = {(Accessed on 07/01/2024)}
}

@misc{Normaliz41:online,
author = {},
title = {Normalized difference vegetation index - Wikipedia},
howpublished = {\url{https://en.wikipedia.org/wiki/Normalized_difference_vegetation_index}},
month = {},
year = {},
note = {(Accessed on 07/01/2024)}
}

@misc{Enhanced85:online,
author = {},
title = {Enhanced Vegetation Index (EVI) | Earthdata},
howpublished = {\url{https://www.earthdata.nasa.gov/topics/biosphere/vegetation/vegetation-index/enhanced-vegetation-index-evi}},
month = {},
year = {},
note = {(Accessed on 07/01/2024)}
}

@misc{Landsatp77:online,
author = {},
title = {Landsat program - Wikipedia},
howpublished = {\url{https://en.wikipedia.org/wiki/Landsat_program}},
month = {},
year = {},
note = {(Accessed on 07/01/2024)}
}

@misc{Enhanced25:online,
author = {},
title = {Enhanced Vegetation Index (EVI) | Earthdata},
howpublished = {\url{https://www.earthdata.nasa.gov/topics/biosphere/vegetation/vegetation-index/enhanced-vegetation-index-evi}},
month = {},
year = {},
note = {(Accessed on 07/01/2024)}
}

@misc{MODISWeb11:online,
author = {},
title = {MODIS Web},
howpublished = {\url{https://modis.gsfc.nasa.gov/}},
month = {},
year = {},
note = {(Accessed on 07/01/2024)}
}

@misc{Unmanned27:online,
author = {},
title = {Unmanned aerial vehicle - Wikipedia},
howpublished = {\url{https://en.wikipedia.org/wiki/Unmanned_aerial_vehicle}},
month = {},
year = {},
note = {(Accessed on 07/01/2024)}
}