@article{bennettMultispectralRandomField1998,
  title = {Multispectral Random Field Models for Synthesis and Analysis of Color Images},
  author = {Bennett, J. and Khotanzad, A.},
  date = {1998-03},
  journaltitle = {IEEE Transactions on Pattern Analysis and Machine Intelligence},
  volume = {20},
  number = {3},
  pages = {327--332},
  issn = {1939-3539},
  doi = {10.1109/34.667889},
  eventtitle = {{{IEEE Transactions}} on {{Pattern Analysis}} and {{Machine Intelligence}}}
}

@online{bergerIncorporatingLongrangeConsistency2016,
  title = {Incorporating Long-Range Consistency in {{CNN-based}} Texture Generation},
  author = {Berger, G. and Memisevic, R.},
  date = {2016-11-04},
  eprint = {1606.01286},
  eprinttype = {arxiv},
  eprintclass = {cs},
  doi = {10.48550/arXiv.1606.01286},
  pubstate = {preprint}
}

@article{chellappaTextureSynthesisCompression1985,
  title = {Texture Synthesis and Compression Using {{Gaussian-Markov}} Random Field Models},
  author = {Chellappa, Rama and Chatterjee, Shankar and Bagdazian, Richard},
  date = {1985-03},
  journaltitle = {IEEE Transactions on Systems, Man, and Cybernetics},
  volume = {SMC-15},
  number = {2},
  pages = {298--303},
  issn = {2168-2909},
  doi = {10.1109/TSMC.1985.6313361},
  eventtitle = {{{IEEE Transactions}} on {{Systems}}, {{Man}}, and {{Cybernetics}}}
}

@online{chenFastPatchbasedStyle2016,
  title = {Fast {{Patch-based Style Transfer}} of {{Arbitrary Style}}},
  author = {Chen, Tian Qi and Schmidt, Mark},
  date = {2016-12-13},
  eprint = {1612.04337},
  eprinttype = {arxiv},
  eprintclass = {cs},
  doi = {10.48550/arXiv.1612.04337},
  pubstate = {preprint}
}

@article{ChenHongJiYuYangBenXueXiDeXiaoXiangHuaZiDongShengChengSuanFa2003,
  title = {基于样本学习的肖像画自动生成算法},
  author = {{陈洪} and {郑南宁} and {梁林} and {徐迎庆} and {沈向洋}},
  date = {2003},
  journaltitle = {计算机学报},
  number = {2},
  pages = {147--152},
  issn = {0254-4164},
  langid = {chinese},
  annotation = {Core: 北大核心, EI}
}

@article{ChenHuaiYuanJiYuShenDuXueXiDeTuXiangFengGeQianYiYanJiuJinZhan2021,
  title = {基于深度学习的图像风格迁移研究进展},
  author = {{陈淮源} and {张广驰} and {陈高} and {周清峰}},
  date = {2021},
  journaltitle = {计算机工程与应用},
  volume = {57},
  number = {11},
  pages = {37--45},
  issn = {1002-8331},
  langid = {chinese},
  annotation = {Core: 北大核心, CSCD}
}

@inproceedings{chenStyleBankExplicitRepresentation2017,
  title = {{{StyleBank}}: {{An Explicit Representation}} for {{Neural Image Style Transfer}}},
  shorttitle = {{{StyleBank}}},
  author = {Chen, Dongdong and Yuan, Lu and Liao, Jing and Yu, Nenghai and Hua, Gang},
  date = {2017},
  pages = {1897--1906},
  eventtitle = {Proceedings of the {{IEEE Conference}} on {{Computer Vision}} and {{Pattern Recognition}}}
}

@inproceedings{choiStarGANUnifiedGenerative2018,
  title = {{{StarGAN}}: {{Unified Generative Adversarial Networks}} for {{Multi-Domain Image-to-Image Translation}}},
  shorttitle = {{{StarGAN}}},
  author = {Choi, Yunjey and Choi, Minje and Kim, Munyoung and Ha, Jung-Woo and Kim, Sunghun and Choo, Jaegul},
  date = {2018},
  pages = {8789--8797},
  eventtitle = {Proceedings of the {{IEEE Conference}} on {{Computer Vision}} and {{Pattern Recognition}}}
}

@article{crossMarkovRandomField1983,
  title = {Markov {{Random Field Texture Models}}},
  author = {Cross, George R. and Jain, Anil K.},
  date = {1983-01},
  journaltitle = {IEEE Transactions on Pattern Analysis and Machine Intelligence},
  volume = {PAMI-5},
  number = {1},
  pages = {25--39},
  issn = {1939-3539},
  doi = {10.1109/TPAMI.1983.4767341},
  eventtitle = {{{IEEE Transactions}} on {{Pattern Analysis}} and {{Machine Intelligence}}}
}

@inproceedings{dengStyTr2ImageStyle2022,
  title = {{{StyTr2}}: {{Image Style Transfer With Transformers}}},
  shorttitle = {{{StyTr2}}},
  booktitle = {Computer {{Vision}} and {{Pattern Recognition}}},
  author = {Deng, Yingying and Tang, Fan and Dong, Weiming and Ma, Chongyang and Pan, Xingjia and Wang, Lei and Xu, Changsheng},
  date = {2022},
  pages = {11326--11336},
  eventtitle = {Proceedings of the {{IEEE}}/{{CVF Conference}} on {{Computer Vision}} and {{Pattern Recognition}}},
  langid = {english}
}

@online{dumoulinLearnedRepresentationArtistic2017,
  title = {A {{Learned Representation For Artistic Style}}},
  author = {Dumoulin, Vincent and Shlens, Jonathon and Kudlur, Manjunath},
  date = {2017-02-09},
  eprint = {1610.07629},
  eprinttype = {arxiv},
  eprintclass = {cs},
  doi = {10.48550/arXiv.1610.07629},
  pubstate = {preprint}
}

@inproceedings{efrosTextureSynthesisNonparametric1999,
  title = {Texture Synthesis by Non-Parametric Sampling},
  booktitle = {Proceedings of the {{Seventh IEEE International Conference}} on {{Computer Vision}}},
  author = {Efros, A.A. and Leung, T.K.},
  date = {1999-09},
  volume = {2},
  pages = {1033-1038 vol.2},
  doi = {10.1109/ICCV.1999.790383},
  eventtitle = {Proceedings of the {{Seventh IEEE International Conference}} on {{Computer Vision}}}
}

@inproceedings{everaertDiffusionStyle2023,
  title = {Diffusion in {{Style}}},
  author = {Everaert, Martin Nicolas and Bocchio, Marco and Arpa, Sami and Süsstrunk, Sabine and Achanta, Radhakrishna},
  date = {2023},
  pages = {2251--2261},
  eventtitle = {Proceedings of the {{IEEE}}/{{CVF International Conference}} on {{Computer Vision}}},
  langid = {english}
}

@inproceedings{gatysImageStyleTransfer2016,
  title = {Image {{Style Transfer Using Convolutional Neural Networks}}},
  booktitle = {2016 {{IEEE Conference}} on {{Computer Vision}} and {{Pattern Recognition}} ({{CVPR}})},
  author = {Gatys, Leon A. and Ecker, Alexander S. and Bethge, Matthias},
  date = {2016-06},
  pages = {2414--2423},
  publisher = {{IEEE}},
  location = {{Las Vegas, NV, USA}},
  doi = {10.1109/CVPR.2016.265},
  eventtitle = {2016 {{IEEE Conference}} on {{Computer Vision}} and {{Pattern Recognition}} ({{CVPR}})},
  isbn = {978-1-4673-8851-1},
  langid = {english}
}

@online{ghiasiExploringStructureRealtime2017,
  title = {Exploring the Structure of a Real-Time, Arbitrary Neural Artistic Stylization Network},
  author = {Ghiasi, Golnaz and Lee, Honglak and Kudlur, Manjunath and Dumoulin, Vincent and Shlens, Jonathon},
  date = {2017-08-24},
  eprint = {1705.06830},
  eprinttype = {arxiv},
  eprintclass = {cs},
  doi = {10.48550/arXiv.1705.06830},
  pubstate = {preprint}
}

@inproceedings{goodfellowGenerativeAdversarialNets2014,
  title = {Generative {{Adversarial Nets}}},
  booktitle = {Advances in {{Neural Information Processing Systems}}},
  author = {Goodfellow, Ian and Pouget-Abadie, Jean and Mirza, Mehdi and Xu, Bing and Warde-Farley, David and Ozair, Sherjil and Courville, Aaron and Bengio, Yoshua},
  date = {2014},
  volume = {27},
  publisher = {{Curran Associates, Inc.}}
}

@article{goodfellowGenerativeAdversarialNetworks2020,
  title = {Generative Adversarial Networks},
  author = {Goodfellow, Ian and Pouget-Abadie, Jean and Mirza, Mehdi and Xu, Bing and Warde-Farley, David and Ozair, Sherjil and Courville, Aaron and Bengio, Yoshua},
  date = {2020-10-22},
  journaltitle = {Commun. ACM},
  volume = {63},
  number = {11},
  pages = {139--144},
  issn = {0001-0782},
  doi = {10.1145/3422622}
}

@inproceedings{hamazaspyanDiffusionEnhancedPatchMatchFramework2023,
  title = {Diffusion-{{Enhanced PatchMatch}}: {{A Framework}} for {{Arbitrary Style Transfer With Diffusion Models}}},
  shorttitle = {Diffusion-{{Enhanced PatchMatch}}},
  author = {Hamazaspyan, Mark and Navasardyan, Shant},
  date = {2023},
  pages = {797--805},
  eventtitle = {Proceedings of the {{IEEE}}/{{CVF Conference}} on {{Computer Vision}} and {{Pattern Recognition}}},
  langid = {english}
}

@incollection{hassnerUseMarkovRandom1981,
  title = {The {{Use}} of {{Markov Random Fields}} as {{Models}} of {{Texture}}},
  booktitle = {Image {{Modeling}}},
  author = {family=Hassner, given=MARTIN, given-i=MARTIN and family=Sklansky, given=JACK, given-i=JACK},
  editor = {family=Rosenfeld, given=AZRIEL, given-i=AZRIEL},
  date = {1981-01-01},
  pages = {185--198},
  publisher = {{Academic Press}},
  doi = {10.1016/B978-0-12-597320-5.50015-2},
  isbn = {978-0-12-597320-5}
}

@incollection{hertzmannImageAnalogies2023,
  title = {Image {{Analogies}}},
  booktitle = {Seminal {{Graphics Papers}}: {{Pushing}} the {{Boundaries}}, {{Volume}} 2},
  author = {Hertzmann, Aaron and Jacobs, Charles E. and Oliver, Nuria and Curless, Brian and Salesin, David H.},
  date = {2023-08-02},
  edition = {1},
  volume = {2},
  number = {58},
  pages = {557--570},
  publisher = {{Association for Computing Machinery}},
  location = {{New York, NY, USA}},
  isbn = {9798400708978}
}

@inproceedings{hoDenoisingDiffusionProbabilistic2020,
  title = {Denoising {{Diffusion Probabilistic Models}}},
  booktitle = {Advances in {{Neural Information Processing Systems}}},
  author = {Ho, Jonathan and Jain, Ajay and Abbeel, Pieter},
  date = {2020},
  volume = {33},
  pages = {6840--6851},
  publisher = {{Curran Associates, Inc.}}
}

@inproceedings{huangArbitraryStyleTransfer2017,
  title = {Arbitrary {{Style Transfer}} in {{Real-Time With Adaptive Instance Normalization}}},
  author = {Huang, Xun and Belongie, Serge},
  date = {2017},
  pages = {1501--1510},
  eventtitle = {Proceedings of the {{IEEE International Conference}} on {{Computer Vision}}}
}

@online{jeongTrainingfreeStyleTransfer2023,
  title = {Training-Free {{Style Transfer Emerges}} from h-Space in {{Diffusion}} Models},
  author = {Jeong, Jaeseok and Kwon, Mingi and Uh, Youngjung},
  date = {2023-03-27},
  eprint = {2303.15403},
  eprinttype = {arxiv},
  eprintclass = {cs},
  doi = {10.48550/arXiv.2303.15403},
  pubstate = {preprint}
}

@article{jingNeuralStyleTransfer2020,
  title = {Neural {{Style Transfer}}: {{A Review}}},
  shorttitle = {Neural {{Style Transfer}}},
  author = {Jing, Yongcheng and Yang, Yezhou and Feng, Zunlei and Ye, Jingwen and Yu, Yizhou and Song, Mingli},
  date = {2020-11},
  journaltitle = {IEEE Transactions on Visualization and Computer Graphics},
  volume = {26},
  number = {11},
  pages = {3365--3385},
  issn = {1941-0506},
  doi = {10.1109/TVCG.2019.2921336},
  eventtitle = {{{IEEE Transactions}} on {{Visualization}} and {{Computer Graphics}}}
}

@inproceedings{johnsonPerceptualLossesRealTime2016a,
  title = {Perceptual {{Losses}} for {{Real-Time Style Transfer}} and {{Super-Resolution}}},
  booktitle = {Computer {{Vision}} – {{ECCV}} 2016},
  author = {Johnson, Justin and Alahi, Alexandre and Fei-Fei, Li},
  editor = {Leibe, Bastian and Matas, Jiri and Sebe, Nicu and Welling, Max},
  date = {2016},
  series = {Lecture {{Notes}} in {{Computer Science}}},
  pages = {694--711},
  publisher = {{Springer International Publishing}},
  location = {{Cham}},
  doi = {10.1007/978-3-319-46475-6_43},
  isbn = {978-3-319-46475-6},
  langid = {english}
}

@inproceedings{liCombiningMarkovRandom2016,
  title = {Combining {{Markov Random Fields}} and {{Convolutional Neural Networks}} for {{Image Synthesis}}},
  author = {Li, Chuan and Wand, Michael},
  date = {2016},
  pages = {2479--2486},
  eventtitle = {Proceedings of the {{IEEE Conference}} on {{Computer Vision}} and {{Pattern Recognition}}}
}

@online{liDemystifyingNeuralStyle2017,
  title = {Demystifying {{Neural Style Transfer}}},
  author = {Li, Yanghao and Wang, Naiyan and Liu, Jiaying and Hou, Xiaodi},
  date = {2017-07-01},
  eprint = {1701.01036},
  eprinttype = {arxiv},
  eprintclass = {cs},
  doi = {10.48550/arXiv.1701.01036},
  pubstate = {preprint},
  annotation = {本文认为风格迁移是一个特殊的领域自适应问题}
}

@inproceedings{liMarkovRandomField1994,
  title = {Markov Random Field Models in Computer Vision},
  booktitle = {Computer {{Vision}} — {{ECCV}} '94},
  author = {Li, S. Z.},
  editor = {Eklundh, Jan-Olof},
  date = {1994},
  series = {Lecture {{Notes}} in {{Computer Science}}},
  pages = {361--370},
  publisher = {{Springer}},
  location = {{Berlin, Heidelberg}},
  doi = {10.1007/BFb0028368},
  isbn = {978-3-540-48400-4},
  langid = {english}
}

@inproceedings{liPrecomputedRealTimeTexture2016,
  title = {Precomputed {{Real-Time Texture Synthesis}} with {{Markovian Generative Adversarial Networks}}},
  booktitle = {Computer {{Vision}} – {{ECCV}} 2016},
  author = {Li, Chuan and Wand, Michael},
  editor = {Leibe, Bastian and Matas, Jiri and Sebe, Nicu and Welling, Max},
  date = {2016},
  series = {Lecture {{Notes}} in {{Computer Science}}},
  pages = {702--716},
  publisher = {{Springer International Publishing}},
  location = {{Cham}},
  doi = {10.1007/978-3-319-46487-9_43},
  isbn = {978-3-319-46487-9},
  langid = {english}
}

@inproceedings{luSpecialistDiffusionPlugandPlay2023,
  title = {Specialist {{Diffusion}}: {{Plug-and-Play Sample-Efficient Fine-Tuning}} of {{Text-to-Image Diffusion Models To Learn Any Unseen Style}}},
  shorttitle = {Specialist {{Diffusion}}},
  author = {Lu, Haoming and Tunanyan, Hazarapet and Wang, Kai and Navasardyan, Shant and Wang, Zhangyang and Shi, Humphrey},
  date = {2023},
  pages = {14267--14276},
  eventtitle = {Proceedings of the {{IEEE}}/{{CVF Conference}} on {{Computer Vision}} and {{Pattern Recognition}}},
  langid = {english}
}

@online{MarkovRandomField,
  title = {Markov {{Random Field Texture Models}} | {{IEEE Journals}} \& {{Magazine}} | {{IEEE Xplore}}}
}

@inproceedings{mastanDeepObjStyleDeepObjectBased2021,
  title = {{{DeepObjStyle}}: {{Deep Object-Based Photo Style Transfer}}},
  shorttitle = {{{DeepObjStyle}}},
  author = {Mastan, Indra Deep and Raman, Shanmuganathan},
  date = {2021},
  pages = {711--719},
  eventtitle = {Proceedings of the {{IEEE}}/{{CVF Conference}} on {{Computer Vision}} and {{Pattern Recognition}}},
  langid = {english}
}

@inproceedings{meierPainterlyRenderingAnimation1996,
  title = {Painterly Rendering for Animation},
  booktitle = {Proceedings of the 23rd Annual Conference on {{Computer}} Graphics and Interactive Techniques},
  author = {Meier, Barbara J.},
  date = {1996-08},
  pages = {477--484},
  publisher = {{ACM}},
  doi = {10.1145/237170.237288},
  eventtitle = {{{SIGGRAPH96}}: 23rd {{International Conference}} on {{Computer Graphics}} and {{Interactive Techniques}}},
  isbn = {978-0-89791-746-9},
  langid = {english}
}

@misc{mordvintsevInceptionismGoingDeeper2015,
  title = {Inceptionism: {{Going Deeper}} into {{Neural Networks}}},
  shorttitle = {Inceptionism},
  author = {Mordvintsev, Alexander and Olah, Christopher and Tyka, Mike},
  date = {2015}
}

@article{QianWenHuaFeiZhenShiGanHuiZhiJiShuYanJiuXianZhuangYuZhanWang2020,
  title = {非真实感绘制技术研究现状与展望},
  author = {{钱文华} and {曹进德} and {徐丹} and {吴昊}},
  date = {2020},
  journaltitle = {中国图象图形学报},
  volume = {25},
  number = {7},
  pages = {1283--1295},
  issn = {1006-8961},
  langid = {chinese},
  annotation = {Core: 北大核心, CSCD}
}

@online{radfordUnsupervisedRepresentationLearning2016,
  title = {Unsupervised {{Representation Learning}} with {{Deep Convolutional Generative Adversarial Networks}}},
  author = {Radford, Alec and Metz, Luke and Chintala, Soumith},
  date = {2016-01-07},
  eprint = {1511.06434},
  eprinttype = {arxiv},
  eprintclass = {cs},
  doi = {10.48550/arXiv.1511.06434},
  pubstate = {preprint}
}

@online{risserStableControllableNeural2017,
  title = {Stable and {{Controllable Neural Texture Synthesis}} and {{Style Transfer Using Histogram Losses}}},
  author = {Risser, Eric and Wilmot, Pierre and Barnes, Connelly},
  date = {2017-02-01},
  eprint = {1701.08893},
  eprinttype = {arxiv},
  doi = {10.48550/arXiv.1701.08893},
  pubstate = {preprint},
  annotation = {abstractTranslation: Risse等人针对Gatys等人的方法进行研究，并发现了Gram矩阵用于风格迁移时不稳定的原因：具有不同均值和方差的特征图可能拥有相同的Gram矩阵。基于这个发现，Risser等人将特征图的直方图纳入风格迁移损失函数的考量，进一步优化了基于Gram矩阵的风格迁移方法。其优点在于能够生成更加稳定的风格图像；但由于引入了特征图的直方图，导致该方法的计算更加复杂，风格迁移过程耗时更长，在进行批量迁移时效率更低。同时，由于Risser等人仅考虑了风格化过程中生成图像的稳定性问题，不能对纹理精细化描述的问题依旧存在。}
}

@inproceedings{sunSGDiffStyleGuided2023,
  title = {{{SGDiff}}: {{A Style Guided Diffusion Model}} for {{Fashion Synthesis}}},
  shorttitle = {{{SGDiff}}},
  booktitle = {Proceedings of the 31st {{ACM International Conference}} on {{Multimedia}}},
  author = {Sun, Zhengwentai and Zhou, Yanghong and He, Honghong and Mok, P.Y.},
  date = {2023-10-27},
  series = {{{MM}} '23},
  pages = {8433--8442},
  publisher = {{Association for Computing Machinery}},
  location = {{New York, NY, USA}},
  doi = {10.1145/3581783.3613806},
  isbn = {9798400701085}
}

@inproceedings{tangMasterMetaStyle2023,
  title = {Master: {{Meta Style Transformer}} for {{Controllable Zero-Shot}} and {{Few-Shot Artistic Style Transfer}}},
  shorttitle = {Master},
  booktitle = {Computer {{Vision}} and {{Pattern Recognition}}},
  author = {Tang, Hao and Liu, Songhua and Lin, Tianwei and Huang, Shaoli and Li, Fu and He, Dongliang and Wang, Xinchao},
  date = {2023},
  pages = {18329--18338},
  eventtitle = {Proceedings of the {{IEEE}}/{{CVF Conference}} on {{Computer Vision}} and {{Pattern Recognition}}},
  langid = {english}
}

@article{TangRenWeiShenJingFengGeQianYiMoXingZongShu2021,
  title = {神经风格迁移模型综述},
  author = {{唐稔为} and {刘启和} and {谭浩}},
  date = {2021},
  journaltitle = {计算机工程与应用},
  volume = {57},
  number = {19},
  pages = {32--43},
  issn = {1002-8331},
  langid = {chinese},
  annotation = {Core: 北大核心, CSCD}
}

@online{TextureSynthesisCompression,
  title = {Texture Synthesis and Compression Using {{Gaussian-Markov}} Random Field Models | {{IEEE Journals}} \& {{Magazine}} | {{IEEE Xplore}}}
}

@online{TextureSynthesisNonparametric,
  title = {Texture Synthesis by Non-Parametric Sampling | {{IEEE Conference Publication}} | {{IEEE Xplore}}}
}

@online{ulyanovTextureNetworksFeedforward2016,
  title = {Texture {{Networks}}: {{Feed-forward Synthesis}} of {{Textures}} and {{Stylized Images}}},
  shorttitle = {Texture {{Networks}}},
  author = {Ulyanov, Dmitry and Lebedev, Vadim and Vedaldi, Andrea and Lempitsky, Victor},
  date = {2016-03-10},
  eprint = {1603.03417},
  eprinttype = {arxiv},
  eprintclass = {cs},
  doi = {10.48550/arXiv.1603.03417},
  pubstate = {preprint}
}

@inproceedings{wangStyleDiffusionControllableDisentangled2023,
  title = {{{StyleDiffusion}}: {{Controllable Disentangled Style Transfer}} via {{Diffusion Models}}},
  shorttitle = {{{StyleDiffusion}}},
  booktitle = {Computer {{Vision}} and {{Pattern Recognition}}},
  author = {Wang, Zhizhong and Zhao, Lei and Xing, Wei},
  date = {2023},
  pages = {7677--7689},
  eventtitle = {Proceedings of the {{IEEE}}/{{CVF International Conference}} on {{Computer Vision}}},
  langid = {english},
  annotation = {titleTranslation:}
}

@article{winnemollerRealtimeVideoAbstraction2006,
  title = {Real-Time Video Abstraction},
  author = {Winnemöller, Holger and Olsen, Sven C. and Gooch, Bruce},
  date = {2006-07-01},
  journaltitle = {ACM Trans. Graph.},
  volume = {25},
  number = {3},
  pages = {1221--1226},
  issn = {0730-0301},
  doi = {10.1145/1141911.1142018}
}

@inproceedings{wuStyleFormerRealTimeArbitrary2021,
  title = {{{StyleFormer}}: {{Real-Time Arbitrary Style Transfer}} via {{Parametric Style Composition}}},
  shorttitle = {{{StyleFormer}}},
  booktitle = {International {{Conference}} on {{Computer Vision}}},
  author = {Wu, Xiaolei and Hu, Zhihao and Sheng, Lu and Xu, Dong},
  date = {2021},
  pages = {14618--14627},
  eventtitle = {Proceedings of the {{IEEE}}/{{CVF International Conference}} on {{Computer Vision}}},
  langid = {english}
}

@inproceedings{xuDRBGANDynamicResBlock2021,
  title = {{{DRB-GAN}}: {{A Dynamic ResBlock Generative Adversarial Network}} for {{Artistic Style Transfer}}},
  shorttitle = {{{DRB-GAN}}},
  author = {Xu, Wenju and Long, Chengjiang and Wang, Ruisheng and Wang, Guanghui},
  date = {2021},
  pages = {6383--6392},
  eventtitle = {Proceedings of the {{IEEE}}/{{CVF International Conference}} on {{Computer Vision}}},
  langid = {english}
}

@inproceedings{zhangInversionBasedStyleTransfer2023,
  title = {Inversion-{{Based Style Transfer With Diffusion Models}}},
  booktitle = {Computer {{Vision}} and {{Pattern Recognition}}},
  author = {Zhang, Yuxin and Huang, Nisha and Tang, Fan and Huang, Haibin and Ma, Chongyang and Dong, Weiming and Xu, Changsheng},
  date = {2023},
  pages = {10146--10156},
  eventtitle = {Conference on {{Computer Vision}} and {{Pattern Recognition}}},
  langid = {english}
}

@inproceedings{zhuUnpairedImageToImageTranslation2017,
  title = {Unpaired {{Image-To-Image Translation Using Cycle-Consistent Adversarial Networks}}},
  author = {Zhu, Jun-Yan and Park, Taesung and Isola, Phillip and Efros, Alexei A.},
  date = {2017},
  pages = {2223--2232},
  eventtitle = {Proceedings of the {{IEEE International Conference}} on {{Computer Vision}}}
}
