@inproceedings{01zhou2016learning,
  title={Learning deep features for discriminative localization},
  author={Zhou, Bolei and Khosla, Aditya and Lapedriza, Agata and Oliva, Aude and Torralba, Antonio},
  booktitle={Proceedings of the IEEE conference on computer vision and pattern recognition},
  pages={2921--2929},
  year={2016}
}

@article{02dosovitskiy2020image,
  title={An image is worth 16x16 words: Transformers for image recognition at scale},
  author={Dosovitskiy, Alexey},
  journal={arXiv preprint arXiv:2010.11929},
  year={2020}
}

@inproceedings{03ru2023token,
  title={Token contrast for weakly-supervised semantic segmentation},
  author={Ru, Lixiang and Zheng, Heliang and Zhan, Yibing and Du, Bo},
  booktitle={Proceedings of the IEEE/CVF Conference on Computer Vision and Pattern Recognition},
  pages={3093--3102},
  year={2023}
}

@inproceedings{04wei2017object,
  title={Object region mining with adversarial erasing: A simple classification to semantic segmentation approach},
  author={Wei, Yunchao and Feng, Jiashi and Liang, Xiaodan and Cheng, Ming-Ming and Zhao, Yao and Yan, Shuicheng},
  booktitle={Proceedings of the IEEE conference on computer vision and pattern recognition},
  pages={1568--1576},
  year={2017}
}

@inproceedings{05chang2020weakly,
  title={Weakly-supervised semantic segmentation via sub-category exploration},
  author={Chang, Yu-Ting and Wang, Qiaosong and Hung, Wei-Chih and Piramuthu, Robinson and Tsai, Yi-Hsuan and Yang, Ming-Hsuan},
  booktitle={Proceedings of the IEEE/CVF conference on computer vision and pattern recognition},
  pages={8991--9000},
  year={2020}
}

@inproceedings{06wang2020self,
  title={Self-supervised equivariant attention mechanism for weakly supervised semantic segmentation},
  author={Wang, Yude and Zhang, Jie and Kan, Meina and Shan, Shiguang and Chen, Xilin},
  booktitle={Proceedings of the IEEE/CVF conference on computer vision and pattern recognition},
  pages={12275--12284},
  year={2020}
}

@inproceedings{07li2021group,
  title={Group-wise semantic mining for weakly supervised semantic segmentation},
  author={Li, Xueyi and Zhou, Tianfei and Li, Jianwu and Zhou, Yi and Zhang, Zhaoxiang},
  booktitle={Proceedings of the AAAI conference on artificial intelligence},
  volume={35},
  number={3},
  pages={1984--1992},
  year={2021}
}

@inproceedings{08xie2022clims,
  title={Clims: Cross language image matching for weakly supervised semantic segmentation},
  author={Xie, Jinheng and Hou, Xianxu and Ye, Kai and Shen, Linlin},
  booktitle={Proceedings of the IEEE/CVF conference on computer vision and pattern recognition},
  pages={4483--4492},
  year={2022}
}

@inproceedings{09lin2023clip,
  title={Clip is also an efficient segmenter: A text-driven approach for weakly supervised semantic segmentation},
  author={Lin, Yuqi and Chen, Minghao and Wang, Wenxiao and Wu, Boxi and Li, Ke and Lin, Binbin and Liu, Haifeng and He, Xiaofei},
  booktitle={Proceedings of the IEEE/CVF Conference on Computer Vision and Pattern Recognition},
  pages={15305--15314},
  year={2023}
}

@inproceedings{10radford2021learning,
  title={Learning transferable visual models from natural language supervision},
  author={Radford, Alec and Kim, Jong Wook and Hallacy, Chris and Ramesh, Aditya and Goh, Gabriel and Agarwal, Sandhini and Sastry, Girish and Askell, Amanda and Mishkin, Pamela and Clark, Jack and others},
  booktitle={International conference on machine learning},
  pages={8748--8763},
  year={2021},
  organization={PMLR}
}

@inproceedings{11gao2021ts,
  title={Ts-cam: Token semantic coupled attention map for weakly supervised object localization},
  author={Gao, Wei and Wan, Fang and Pan, Xingjia and Peng, Zhiliang and Tian, Qi and Han, Zhenjun and Zhou, Bolei and Ye, Qixiang},
  booktitle={Proceedings of the IEEE/CVF international conference on computer vision},
  pages={2886--2895},
  year={2021}
}

@inproceedings{12xu2022multi,
  title={Multi-class token transformer for weakly supervised semantic segmentation},
  author={Xu, Lian and Ouyang, Wanli and Bennamoun, Mohammed and Boussaid, Farid and Xu, Dan},
  booktitle={Proceedings of the IEEE/CVF conference on computer vision and pattern recognition},
  pages={4310--4319},
  year={2022}
}

@inproceedings{13ru2022learning,
  title={Learning affinity from attention: End-to-end weakly-supervised semantic segmentation with transformers},
  author={Ru, Lixiang and Zhan, Yibing and Yu, Baosheng and Du, Bo},
  booktitle={Proceedings of the IEEE/CVF conference on computer vision and pattern recognition},
  pages={16846--16855},
  year={2022}
}

@article{14vaswani2017attention,
  title={Attention is all you need},
  author={Vaswani, A},
  journal={Advances in Neural Information Processing Systems},
  year={2017}
}

@inproceedings{15tang2018regularized,
  title={On regularized losses for weakly-supervised cnn segmentation},
  author={Tang, Meng and Perazzi, Federico and Djelouah, Abdelaziz and Ben Ayed, Ismail and Schroers, Christopher and Boykov, Yuri},
  booktitle={Proceedings of the European conference on computer vision (ECCV)},
  pages={507--522},
  year={2018}
}

@article{16zhang2021dynamic,
  title={Dynamic feature regularized loss for weakly supervised semantic segmentation},
  author={Zhang, Bingfeng and Xiao, Jimin and Zhao, Yao},
  journal={arXiv preprint arXiv:2108.01296},
  year={2021}
}

@inproceedings{17zhang2020reliability,
  title={Reliability does matter: An end-to-end weakly supervised semantic segmentation approach},
  author={Zhang, Bingfeng and Xiao, Jimin and Wei, Yunchao and Sun, Mingjie and Huang, Kaizhu},
  booktitle={Proceedings of the AAAI Conference on Artificial Intelligence},
  volume={34},
  number={07},
  pages={12765--12772},
  year={2020}
}

@article{18everingham2010pascal,
  title={The pascal visual object classes (voc) challenge},
  author={Everingham, Mark and Van Gool, Luc and Williams, Christopher KI and Winn, John and Zisserman, Andrew},
  journal={International journal of computer vision},
  volume={88},
  pages={303--338},
  year={2010},
  publisher={Springer}
}

@inproceedings{19deng2009imagenet,
  title={Imagenet: A large-scale hierarchical image database},
  author={Deng, Jia and Dong, Wei and Socher, Richard and Li, Li-Jia and Li, Kai and Fei-Fei, Li},
  booktitle={2009 IEEE conference on computer vision and pattern recognition},
  pages={248--255},
  year={2009},
  organization={Ieee}
}

@article{20chen2017deeplab,
  title={Deeplab: Semantic image segmentation with deep convolutional nets, atrous convolution, and fully connected crfs},
  author={Chen, Liang-Chieh and Papandreou, George and Kokkinos, Iasonas and Murphy, Kevin and Yuille, Alan L},
  journal={IEEE transactions on pattern analysis and machine intelligence},
  volume={40},
  number={4},
  pages={834--848},
  year={2017},
  publisher={IEEE}
}

@article{21loshchilov2017decoupled,
  title={Decoupled weight decay regularization},
  author={Loshchilov, I},
  journal={arXiv preprint arXiv:1711.05101},
  year={2017}
}

@article{22chen2014semantic,
  title={Semantic image segmentation with deep convolutional nets and fully connected CRFs},
  author={Chen, Liang-Chieh},
  journal={arXiv preprint arXiv:1412.7062},
  year={2014}
}

@inproceedings{23rossetti2022max,
  title={Max pooling with vision transformers reconciles class and shape in weakly supervised semantic segmentation},
  author={Rossetti, Simone and Zappia, Damiano and Sanzari, Marta and Schaerf, Marco and Pirri, Fiora},
  booktitle={European conference on computer vision},
  pages={446--463},
  year={2022},
  organization={Springer}
}

@inproceedings{24chen2023extracting,
  title={Extracting class activation maps from non-discriminative features as well},
  author={Chen, Zhaozheng and Sun, Qianru},
  booktitle={Proceedings of the IEEE/CVF conference on computer vision and pattern recognition},
  pages={3135--3144},
  year={2023}
}

@inproceedings{25murugesan2024prompting,
  title={Prompting classes: exploring the power of prompt class learning in weakly supervised semantic segmentation},
  author={Murugesan, Balamurali and Hussain, Rukhshanda and Bhattacharya, Rajarshi and Ben Ayed, Ismail and Dolz, Jose},
  booktitle={Proceedings of the IEEE/CVF Winter Conference on Applications of Computer Vision},
  pages={291--302},
  year={2024}
}

@inproceedings{26zhao2024sfc,
  title={Sfc: Shared feature calibration in weakly supervised semantic segmentation},
  author={Zhao, Xinqiao and Tang, Feilong and Wang, Xiaoyang and Xiao, Jimin},
  booktitle={Proceedings of the AAAI Conference on Artificial Intelligence},
  volume={38},
  number={7},
  pages={7525--7533},
  year={2024}
}

@inproceedings{27araslanov2020single,
  title={Single-stage semantic segmentation from image labels},
  author={Araslanov, Nikita and Roth, Stefan},
  booktitle={Proceedings of the IEEE/CVF conference on computer vision and pattern recognition},
  pages={4253--4262},
  year={2020}
}

@article{28pan2022learning,
  title={Learning self-supervised low-rank network for single-stage weakly and semi-supervised semantic segmentation},
  author={Pan, Junwen and Zhu, Pengfei and Zhang, Kaihua and Cao, Bing and Wang, Yu and Zhang, Dingwen and Han, Junwei and Hu, Qinghua},
  journal={International Journal of Computer Vision},
  volume={130},
  number={5},
  pages={1181--1195},
  year={2022},
  publisher={Springer}
}

@inproceedings{29wu2024masked,
  title={Masked Collaborative Contrast for Weakly Supervised Semantic Segmentation},
  author={Wu, Fangwen and He, Jingxuan and Yin, Yufei and Hao, Yanbin and Huang, Gang and Cheng, Lechao},
  booktitle={Proceedings of the IEEE/CVF Winter Conference on Applications of Computer Vision},
  pages={862--871},
  year={2024}
}

@inproceedings{30wu2021embedded,
  title={Embedded discriminative attention mechanism for weakly supervised semantic segmentation},
  author={Wu, Tong and Huang, Junshi and Gao, Guangyu and Wei, Xiaoming and Wei, Xiaolin and Luo, Xuan and Liu, Chi Harold},
  booktitle={Proceedings of the IEEE/CVF conference on computer vision and pattern recognition},
  pages={16765--16774},
  year={2021}
}

@inproceedings{31jiang2022l2g,
  title={L2g: A simple local-to-global knowledge transfer framework for weakly supervised semantic segmentation},
  author={Jiang, Peng-Tao and Yang, Yuqi and Hou, Qibin and Wei, Yunchao},
  booktitle={Proceedings of the IEEE/CVF conference on computer vision and pattern recognition},
  pages={16886--16896},
  year={2022}
}

@inproceedings{32zhou2022regional,
  title={Regional semantic contrast and aggregation for weakly supervised semantic segmentation},
  author={Zhou, Tianfei and Zhang, Meijie and Zhao, Fang and Li, Jianwu},
  booktitle={Proceedings of the IEEE/CVF Conference on Computer Vision and Pattern Recognition},
  pages={4299--4309},
  year={2022}
}

@inproceedings{33chen2022class,
  title={Class re-activation maps for weakly-supervised semantic segmentation},
  author={Chen, Zhaozheng and Wang, Tan and Wu, Xiongwei and Hua, Xian-Sheng and Zhang, Hanwang and Sun, Qianru},
  booktitle={Proceedings of the IEEE/CVF conference on computer vision and pattern recognition},
  pages={969--978},
  year={2022}
}

@inproceedings{34lee2022threshold,
  title={Threshold matters in wsss: Manipulating the activation for the robust and accurate segmentation model against thresholds},
  author={Lee, Minhyun and Kim, Dongseob and Shim, Hyunjung},
  booktitle={Proceedings of the IEEE/CVF conference on computer vision and pattern recognition},
  pages={4330--4339},
  year={2022}
}

@inproceedings{35rong2023boundary,
  title={Boundary-enhanced co-training for weakly supervised semantic segmentation},
  author={Rong, Shenghai and Tu, Bohai and Wang, Zilei and Li, Junjie},
  booktitle={Proceedings of the IEEE/CVF Conference on Computer Vision and Pattern Recognition},
  pages={19574--19584},
  year={2023}
}

@inproceedings{36cheng2023out,
  title={Out-of-candidate rectification for weakly supervised semantic segmentation},
  author={Cheng, Zesen and Qiao, Pengchong and Li, Kehan and Li, Siheng and Wei, Pengxu and Ji, Xiangyang and Yuan, Li and Liu, Chang and Chen, Jie},
  booktitle={Proceedings of the IEEE/CVF Conference on Computer Vision and Pattern Recognition},
  pages={23673--23684},
  year={2023}
}

@article{37li2022efficientformer,
  title={Efficientformer: Vision transformers at mobilenet speed},
  author={Li, Yanyu and Yuan, Geng and Wen, Yang and Hu, Ju and Evangelidis, Georgios and Tulyakov, Sergey and Wang, Yanzhi and Ren, Jian},
  journal={Advances in Neural Information Processing Systems},
  volume={35},
  pages={12934--12949},
  year={2022}
}

@inproceedings{38liu2021swin,
  title={Swin transformer: Hierarchical vision transformer using shifted windows},
  author={Liu, Ze and Lin, Yutong and Cao, Yue and Hu, Han and Wei, Yixuan and Zhang, Zheng and Lin, Stephen and Guo, Baining},
  booktitle={Proceedings of the IEEE/CVF international conference on computer vision},
  pages={10012--10022},
  year={2021}
}

@inproceedings{39dai2015boxsup,
  title={Boxsup: Exploiting bounding boxes to supervise convolutional networks for semantic segmentation},
  author={Dai, Jifeng and He, Kaiming and Sun, Jian},
  booktitle={Proceedings of the IEEE international conference on computer vision},
  pages={1635--1643},
  year={2015}
}

@article{40zhang2021affinity,
  title={Affinity attention graph neural network for weakly supervised semantic segmentation},
  author={Zhang, Bingfeng and Xiao, Jimin and Jiao, Jianbo and Wei, Yunchao and Zhao, Yao},
  journal={IEEE Transactions on Pattern Analysis and Machine Intelligence},
  volume={44},
  number={11},
  pages={8082--8096},
  year={2021},
  publisher={IEEE}
}

@inproceedings{41lin2016scribblesup,
  title={Scribblesup: Scribble-supervised convolutional networks for semantic segmentation},
  author={Lin, Di and Dai, Jifeng and Jia, Jiaya and He, Kaiming and Sun, Jian},
  booktitle={Proceedings of the IEEE conference on computer vision and pattern recognition},
  pages={3159--3167},
  year={2016}
}

@inproceedings{42ahn2018learning,
  title={Learning pixel-level semantic affinity with image-level supervision for weakly supervised semantic segmentation},
  author={Ahn, Jiwoon and Kwak, Suha},
  booktitle={Proceedings of the IEEE conference on computer vision and pattern recognition},
  pages={4981--4990},
  year={2018}
}