@misc{NUAA:online,
author = {},
title = {南京航空航天大学主页平台管理系统 张玉书--中文主页--首页},
howpublished = {\url{https://faculty.nuaa.edu.cn/zhangyushu/zh_CN/index.htm}},
month = {},
year = {},
note = {(Accessed on 07/15/2024)}
}

@misc{NUAAofficial:online,
author = {},
title = {南京航空航天大学},
howpublished = {\url{https://www.nuaa.edu.cn/}},
month = {},
year = {},
note = {(Accessed on 07/15/2024)}
}

@misc{OpenAI66:online,
author = {},
title = {OpenAI},
howpublished = {\url{https://openai.com/}},
month = {},
year = {},
note = {(Accessed on 07/15/2024)}
}

@misc{Midjourn42:online,
author = {},
title = {Midjourney},
howpublished = {\url{https://www.midjourney.com/home}},
month = {},
year = {},
note = {(Accessed on 07/15/2024)}
}

@misc{DALLE2O26:online,
author = {},
title = {DALL·E 2 | OpenAI},
howpublished = {\url{https://openai.com/index/dall-e-2/}},
month = {},
year = {},
note = {(Accessed on 07/15/2024)}
}

@article{hinton2009deep,
  title={Deep belief networks},
  author={Hinton, Geoffrey E},
  journal={Scholarpedia},
  volume={4},
  number={5},
  pages={5947},
  year={2009}
}

@article{eddy1996hidden,
  title={Hidden markov models},
  author={Eddy, Sean R},
  journal={Current opinion in structural biology},
  volume={6},
  number={3},
  pages={361--365},
  year={1996},
  publisher={Elsevier}
}

@misc{ELIZAWik55:online,
author = {},
title = {ELIZA - Wikipedia},
howpublished = {\url{https://en.wikipedia.org/wiki/ELIZA}},
month = {},
year = {},
note = {(Accessed on 07/15/2024)}
}

@misc{AlbertTa6:online,
author = {},
title = {Albert Tangora - Wikipedia},
howpublished = {\url{https://en.wikipedia.org/wiki/Albert_Tangora}},
month = {},
year = {},
note = {(Accessed on 07/15/2024)}
}

@article{goodfellow2020generative,
  title={Generative adversarial networks},
  author={Goodfellow, Ian and Pouget-Abadie, Jean and Mirza, Mehdi and Xu, Bing and Warde-Farley, David and Ozair, Sherjil and Courville, Aaron and Bengio, Yoshua},
  journal={Communications of the ACM},
  volume={63},
  number={11},
  pages={139--144},
  year={2020},
  publisher={ACM New York, NY, USA}
}

@misc{SpotifyW96:online,
author = {},
title = {Spotify - Web Player: Music for everyone},
howpublished = {\url{https://open.spotify.com/}},
month = {},
year = {},
note = {(Accessed on 07/15/2024)}
}

@misc{aimusic21:online,
author = {},
title = {【泠鸢\&AI】与自己的ai音源合唱，你能分辨嘛？《时光洪流》【原唱：程响】\_哔哩哔哩\_bilibili},
howpublished = {\url{https://www.bilibili.com/video/BV1oE421N7eM/}},
month = {},
year = {},
note = {(Accessed on 07/15/2024)}
}

@misc{CompViss98:online,
author = {},
title = {CompVis/stable-diffusion: A latent text-to-image diffusion model},
howpublished = {\url{https://github.com/CompVis/stable-diffusion}},
month = {},
year = {},
note = {(Accessed on 07/15/2024)}
}

@misc{yushuzhang3:online,
author = {},
title = {张玉书的个人主页},
howpublished = {\url{https://yushuzhang.cn/}},
month = {},
year = {},
note = {(Accessed on 07/15/2024)}
}

@misc{yushuzhang2:online,
author = {},
title = {南京航空航天大学主页平台管理系统 张玉书--中文主页--首页},
howpublished = {\url{https://faculty.nuaa.edu.cn/zhangyushu/zh_CN/index.htm}},
month = {},
year = {},
note = {(Accessed on 07/15/2024)}
}

@misc{AI68:online,
author = {},
title = {【焦点访谈】AI换脸+拟声，新型诈骗怎么防？\_哔哩哔哩\_bilibili},
howpublished = {\url{https://www.bilibili.com/video/BV1F8411Q7tN}},
month = {},
year = {},
note = {(Accessed on 07/15/2024)}
}

@misc{aitrump25:online,
author = {},
title = {【AI特朗普】：如果中国算发展中国家，那美国也是发展中国家\_哔哩哔哩\_bilibili},
howpublished = {\url{https://www.bilibili.com/video/BV1qj41177kW/?spm_id_from=333.337.search-card.all.click&vd_source=dadb1df6a5908a1a1cab4da73a86c6d8}},
month = {},
year = {},
note = {(Accessed on 07/15/2024)}
}