@misc{DiffusionModelsShengChengKuoSanMoXing,
  title = {Diffusion {{Models}}：生成扩散模型},
  author = {郑英林},
  publisher = {https://yinglinzheng.netlify.app/diffusion-model-tutorial/},
  year = {2023},
  howpublished = {https://yinglinzheng.netlify.app/diffusion-model-tutorial/}
}

@misc{hoDenoisingDiffusionProbabilistic2020a,
  title = {Denoising {{Diffusion Probabilistic Models}}},
  author = {Ho, Jonathan and Jain, Ajay and Abbeel, Pieter},
  year = {2020},
  month = dec,
  number = {arXiv:2006.11239},
  eprint = {2006.11239},
  primaryclass = {cs, stat},
  publisher = {arXiv},
  doi = {10.48550/arXiv.2006.11239},
  archiveprefix = {arXiv}
}

@misc{luoUnderstandingDiffusionModels2022,
  title = {Understanding {{Diffusion Models}}: {{A Unified Perspective}}},
  shorttitle = {Understanding {{Diffusion Models}}},
  author = {Luo, Calvin},
  year = {2022},
  month = aug,
  number = {arXiv:2208.11970},
  eprint = {2208.11970},
  primaryclass = {cs},
  publisher = {arXiv},
  doi = {10.48550/arXiv.2208.11970},
  archiveprefix = {arXiv}
}

@misc{XiangBuChuLaiNiChengYouXiangGaiShengChengShiAIDiffusionModel2023,
  title = {【{{生成式AI}}】{{Diffusion Model}} 概念讲解 (1/2)},
  author = {{李宏毅}},
  year = {2023},
  month = apr,
  volume = {1},
  collaborator = {{想不出来昵称又想改}},
  annotation = {like: 2033\\
view: 129550},
  publisher = {BiliBilli:BV14c411J7f2,p1}
}

@misc{XiangBuChuLaiNiChengYouXiangGaiShengChengShiAIDiffusionModel2023a,
  title = {【{{生成式AI}}】{{Diffusion Model}} 概念讲解 (2/2)},
  author = {李宏毅},
  year = {2023},
  month = apr,
  volume = {2},
  collaborator = {{想不出来昵称又想改}},
  annotation = {like: 2033\\
view: 129550},
  publisher = {BiliBilli:BV14c411J7f2,p2}
}

@misc{XiangBuChuLaiNiChengYouXiangGaiShengChengShiAIDiffusionModel2023b,
  title = {【{{生成式AI}}】{{Diffusion Model}} 原理剖析 (1/4)},
  author = {李宏毅},
  year = {2023},
  month = apr,
  volume = {3},
  collaborator = {{想不出来昵称又想改}},
  annotation = {like: 2033\\
view: 129550},
  publisher = {BiliBilli:BV14c411J7f2,p3}
}

@misc{XiangBuChuLaiNiChengYouXiangGaiShengChengShiAIDiffusionModel2023c,
  title = {【{{生成式AI}}】{{Diffusion Model}} 原理剖析 (2/4)},
  author = {李宏毅},
  year = {2023},
  month = apr,
  volume = {4},
  collaborator = {{想不出来昵称又想改}},
  annotation = {like: 2033\\
view: 129550},
  publisher = {BiliBilli:BV14c411J7f2,p4}
}

@misc{XiangBuChuLaiNiChengYouXiangGaiShengChengShiAIDiffusionModel2023d,
  title = {【{{生成式AI}}】{{Diffusion Model}} 原理剖析 (3/4)},
  author = {李宏毅},
  year = {2023},
  month = apr,
  volume = {5},
  collaborator = {{想不出来昵称又想改}},
  annotation = {like: 2033\\
view: 129550},
  publisher = {BiliBilli:BV14c411J7f2,p5}
}

@misc{XiangBuChuLaiNiChengYouXiangGaiShengChengShiAIDiffusionModel2023e,
  title = {【{{生成式AI}}】{{Diffusion Model}} 原理剖析 (4/4)},
  author = {李宏毅},
  year = {2023},
  month = apr,
  volume = {6},
  collaborator = {{想不出来昵称又想改}},
  annotation = {like: 2033\\
view: 129550},
  publisher = {BiliBilli:BV14c411J7f2,p6}
}

@misc{XiaoCuiShuoShuShiFenZhongGaoDingZuiDaSiRanGuJi2021,
  title = {十分钟搞定最大似然估计},
  author = {{小崔说数}},
  year = {2021},
  month = aug,
  annotation = {like: 12880\\
view: 300701},
  publisher = {BiliBilli:BV1Hb4y1m7rE},
}

@misc{rameshHierarchicalTextConditionalImage2022,
  title = {Hierarchical {{Text-Conditional Image Generation}} with {{CLIP Latents}}},
  author = {Ramesh, Aditya and Dhariwal, Prafulla and Nichol, Alex and Chu, Casey and Chen, Mark},
  year = {2022},
  month = apr,
  number = {arXiv:2204.06125},
  eprint = {2204.06125},
  primaryclass = {cs},
  publisher = {arXiv},
  doi = {10.48550/arXiv.2204.06125},
  archiveprefix = {arXiv}
}

@article{saharia2022photorealistic,
  title={Photorealistic text-to-image diffusion models with deep language understanding},
  author={Saharia, Chitwan and Chan, William and Saxena, Saurabh and Li, Lala and Whang, Jay and Denton, Emily L and Ghasemipour, Kamyar and Gontijo Lopes, Raphael and Karagol Ayan, Burcu and Salimans, Tim and others},
  journal={Advances in neural information processing systems},
  volume={35},
  pages={36479--36494},
  year={2022}
}
