@misc{DiffusionModelsShengChengKuoSanMoXing,
  title = {Diffusion {{Models}}：生成扩散模型},
  howpublished = {https://yinglinzheng.netlify.app/diffusion-model-tutorial/}
}

@misc{hoDenoisingDiffusionProbabilistic2020a,
  title = {Denoising {{Diffusion Probabilistic Models}}},
  author = {Ho, Jonathan and Jain, Ajay and Abbeel, Pieter},
  year = {2020},
  month = dec,
  number = {arXiv:2006.11239},
  eprint = {2006.11239},
  primaryclass = {cs, stat},
  publisher = {arXiv},
  doi = {10.48550/arXiv.2006.11239},
  archiveprefix = {arXiv}
}

@misc{luoUnderstandingDiffusionModels2022,
  title = {Understanding {{Diffusion Models}}: {{A Unified Perspective}}},
  shorttitle = {Understanding {{Diffusion Models}}},
  author = {Luo, Calvin},
  year = {2022},
  month = aug,
  number = {arXiv:2208.11970},
  eprint = {2208.11970},
  primaryclass = {cs},
  publisher = {arXiv},
  doi = {10.48550/arXiv.2208.11970},
  archiveprefix = {arXiv}
}

@misc{rameshHierarchicalTextConditionalImage2022,
  title = {Hierarchical {{Text-Conditional Image Generation}} with {{CLIP Latents}}},
  author = {Ramesh, Aditya and Dhariwal, Prafulla and Nichol, Alex and Chu, Casey and Chen, Mark},
  year = {2022},
  month = apr,
  number = {arXiv:2204.06125},
  eprint = {2204.06125},
  primaryclass = {cs},
  publisher = {arXiv},
  doi = {10.48550/arXiv.2204.06125},
  archiveprefix = {arXiv}
}

@misc{rombachHighResolutionImageSynthesis2022a,
  title = {High-{{Resolution Image Synthesis}} with {{Latent Diffusion Models}}},
  author = {Rombach, Robin and Blattmann, Andreas and Lorenz, Dominik and Esser, Patrick and Ommer, Bj{\"o}rn},
  year = {2022},
  month = apr,
  number = {arXiv:2112.10752},
  eprint = {2112.10752},
  primaryclass = {cs},
  publisher = {arXiv},
  doi = {10.48550/arXiv.2112.10752},
  archiveprefix = {arXiv}
}

@misc{sahariaPhotorealisticTexttoImageDiffusion2022,
  title = {Photorealistic {{Text-to-Image Diffusion Models}} with {{Deep Language Understanding}}},
  author = {Saharia, Chitwan and Chan, William and Saxena, Saurabh and Li, Lala and Whang, Jay and Denton, Emily and Ghasemipour, Seyed Kamyar Seyed and Ayan, Burcu Karagol and Mahdavi, S. Sara and Lopes, Rapha Gontijo and Salimans, Tim and Ho, Jonathan and Fleet, David J. and Norouzi, Mohammad},
  year = {2022},
  month = may,
  number = {arXiv:2205.11487},
  eprint = {2205.11487},
  primaryclass = {cs},
  publisher = {arXiv},
  doi = {10.48550/arXiv.2205.11487},
  archiveprefix = {arXiv}
}

@misc{XiangBuChuLaiNiChengYouXiangGaiShengChengShiAIDiffusionModel2023,
  title = {【{{生成式AI}}】{{Diffusion Model}} 概念讲解 (1/2)},
  year = {2023},
  month = apr,
  volume = {1},
  collaborator = {{想不出来昵称又想改}},
  annotation = {like: 2033\\
view: 129550}
}

@misc{XiangBuChuLaiNiChengYouXiangGaiShengChengShiAIDiffusionModel2023a,
  title = {【{{生成式AI}}】{{Diffusion Model}} 概念讲解 (2/2)},
  year = {2023},
  month = apr,
  volume = {2},
  collaborator = {{想不出来昵称又想改}},
  annotation = {like: 2033\\
view: 129550}
}

@misc{XiangBuChuLaiNiChengYouXiangGaiShengChengShiAIDiffusionModel2023b,
  title = {【{{生成式AI}}】{{Diffusion Model}} 原理剖析 (1/4)},
  year = {2023},
  month = apr,
  volume = {3},
  collaborator = {{想不出来昵称又想改}},
  annotation = {like: 2033\\
view: 129550}
}

@misc{XiangBuChuLaiNiChengYouXiangGaiShengChengShiAIDiffusionModel2023c,
  title = {【{{生成式AI}}】{{Diffusion Model}} 原理剖析 (2/4)},
  year = {2023},
  month = apr,
  volume = {4},
  collaborator = {{想不出来昵称又想改}},
  annotation = {like: 2033\\
view: 129550}
}

@misc{XiangBuChuLaiNiChengYouXiangGaiShengChengShiAIDiffusionModel2023d,
  title = {【{{生成式AI}}】{{Diffusion Model}} 原理剖析 (3/4)},
  year = {2023},
  month = apr,
  volume = {5},
  collaborator = {{想不出来昵称又想改}},
  annotation = {like: 2033\\
view: 129550}
}

@misc{XiangBuChuLaiNiChengYouXiangGaiShengChengShiAIDiffusionModel2023e,
  title = {【{{生成式AI}}】{{Diffusion Model}} 原理剖析 (4/4)},
  year = {2023},
  month = apr,
  volume = {6},
  collaborator = {{想不出来昵称又想改}},
  annotation = {like: 2033\\
view: 129550}
}

@misc{XiaoCuiShuoShuShiFenZhongGaoDingZuiDaSiRanGuJi2021,
  title = {十分钟搞定最大似然估计},
  author = {{小崔说数}},
  year = {2021},
  month = aug,
  annotation = {like: 12880\\
view: 300701}
}
